<record><leader>00000cas a22000007a 4500</leader><controlfield tag="001">16013060</controlfield><controlfield tag="008">870620d187819uuiauwr ne      0    0eng d</controlfield><datafield ind1=" " ind2=" " tag="010"><subfield code="a">sn 87057569 </subfield></datafield><datafield ind1=" " ind2=" " tag="040"><subfield code="a">INP</subfield><subfield code="b">eng</subfield><subfield code="c">INP</subfield><subfield code="d">NSD</subfield><subfield code="d">INP</subfield><subfield code="d">OCLCQ</subfield></datafield><datafield ind1=" " ind2=" " tag="042"><subfield code="a">msc</subfield></datafield><datafield ind1="0" ind2="0" tag="245"><subfield code="a">St. Ansgar enterprise.</subfield></datafield><datafield ind1="3" ind2="0" tag="246"><subfield code="a">Saint Ansgar enterprise</subfield></datafield><datafield ind1=" " ind2=" " tag="260"><subfield code="a">St. Ansgar, Iowa :</subfield><subfield code="b">Miles K. Culver</subfield></datafield><datafield ind1=" " ind2=" " tag="300"><subfield code="a">v.</subfield></datafield><datafield ind1=" " ind2=" " tag="310"><subfield code="a">Weekly</subfield></datafield><datafield ind1="1" ind2=" " tag="362"><subfield code="a">Began Nov. 1, 1878.</subfield></datafield><datafield ind1=" " ind2=" " tag="500"><subfield code="a">Publisher varies.</subfield></datafield><datafield ind1=" " ind2=" " tag="588"><subfield code="a">Description based on: Vol. 24, no. 9 (Jan. 1, 1902).</subfield></datafield><datafield ind1=" " ind2=" " tag="752"><subfield code="a">United States</subfield><subfield code="b">Iowa</subfield><subfield code="c">Mitchell</subfield><subfield code="d">Saint Ansgar.</subfield></datafield><datafield ind1="0" ind2="0" tag="780"><subfield code="t">St. Ansgar register</subfield></datafield><datafield ind1="0" ind2="0" tag="785"><subfield code="t">St. Ansgar enterprise journal</subfield><subfield code="x">1060-2143</subfield><subfield code="w">(DLC)sn 91003809</subfield><subfield code="w">(OCoLC)24888480</subfield></datafield></record>